<?xml version="1.0" encoding="UTF-8"?><Document xmlns="urn:iso:std:iso:20022:tech:xsd:pacs.008.001.08">
    <FIToFICstmrCdtTrf>
        <GrpHdr>
            <MsgId>19001117320260000000000000000000001</MsgId>
            <CreDtTm>2026-06-22T10:18:11.121440100</CreDtTm>
            <NbOfTxs>3</NbOfTxs>
            <CtrlSum>1200.00</CtrlSum>
            <SttlmInf>
                <SttlmMtd>CLRG</SttlmMtd>
                <ClrSys>
                    <Prtry>GSIMT</Prtry>
                </ClrSys>
            </SttlmInf>
            <InstgAgt>
                <FinInstnId>
                    <BICFI>BCPOMAMCXXX</BICFI>
                    <ClrSysMmbId>
                        <ClrSysId>
                            <Prtry>GSIMT</Prtry>
                        </ClrSysId>
                        <MmbId>190</MmbId>
                    </ClrSysMmbId>
                </FinInstnId>
            </InstgAgt>
            <InstdAgt>
                <FinInstnId>
                    <BICFI>GSIMTMA1XXX</BICFI>
                    <ClrSysMmbId>
                        <ClrSysId>
                            <Prtry>GSIMT</Prtry>
                        </ClrSysId>
                        <MmbId>011</MmbId>
                    </ClrSysMmbId>
                </FinInstnId>
            </InstdAgt>
        </GrpHdr>
        <CdtTrfTxInf>
            <PmtId>
                <InstrId>InstrId03</InstrId>
                <EndToEndId>EndtoEndId03</EndToEndId>
                <TxId>19001117320260000000000000000000001</TxId>
            </PmtId>
            <PmtTpInf>
                <InstrPrty>NORM</InstrPrty>
                <ClrChanl>RTNS</ClrChanl>
                <SvcLvl>
                    <Prtry>PB2B</Prtry>
                </SvcLvl>
                <LclInstrm>
                    <Prtry>VIRM</Prtry>
                </LclInstrm>
                <CtgyPurp>
                    <Prtry>PAIEMENTS_FOURNISSEUR</Prtry>
                </CtgyPurp>
            </PmtTpInf>
            <IntrBkSttlmAmt Ccy="MAD">300.00</IntrBkSttlmAmt>
            <IntrBkSttlmDt>2026-06-22</IntrBkSttlmDt>
            <ChrgBr>SLEV</ChrgBr>
            <InstgAgt>
                <FinInstnId>
                    <BICFI>BCPOMAMCXXX</BICFI>
                    <ClrSysMmbId>
                        <ClrSysId>
                            <Prtry>GSIMT</Prtry>
                        </ClrSysId>
                        <MmbId>190</MmbId>
                    </ClrSysMmbId>
                </FinInstnId>
            </InstgAgt>
            <InstdAgt>
                <FinInstnId>
                    <BICFI>GSIMTMA1XXX</BICFI>
                    <ClrSysMmbId>
                        <ClrSysId>
                            <Prtry>GSIMT</Prtry>
                        </ClrSysId>
                        <MmbId>011</MmbId>
                    </ClrSysMmbId>
                </FinInstnId>
            </InstdAgt>
            <Dbtr>
                <Nm>STE VIVALIS SALAF</Nm>
                <CtryOfRes>MA</CtryOfRes>
            </Dbtr>
            <DbtrAcct>
                <Id>
                    <Othr>
                        <Id>190780131211995795045381</Id>
                    </Othr>
                </Id>
                <Tp>
                    <Prtry>RIB</Prtry>
                </Tp>
                <Ccy>MAD</Ccy>
            </DbtrAcct>
            <DbtrAgt>
                <FinInstnId>
                    <BICFI>BCPOMAMCXXX</BICFI>
                    <ClrSysMmbId>
                        <ClrSysId>
                            <Prtry>GSIMT</Prtry>
                        </ClrSysId>
                        <MmbId>190</MmbId>
                    </ClrSysMmbId>
                </FinInstnId>
            </DbtrAgt>
            <CdtrAgt>
                <FinInstnId>
                    <ClrSysMmbId>
                        <MmbId>011</MmbId>
                    </ClrSysMmbId>
                </FinInstnId>
            </CdtrAgt>
            <Cdtr>
                <Nm>BenefName03</Nm>
            </Cdtr>
            <CdtrAcct>
                <Id>
                    <Othr>
                        <Id>011780000016200001225420</Id>
                    </Othr>
                </Id>
                <Tp>
                    <Prtry>RIB</Prtry>
                </Tp>
                <Ccy>MAD</Ccy>
            </CdtrAcct>
            <RmtInf>
                <Ustrd>RmtInf03</Ustrd>
            </RmtInf>
        </CdtTrfTxInf>
        <CdtTrfTxInf>
            <PmtId>
                <InstrId>InstrId05</InstrId>
                <EndToEndId>EndtoEndId05</EndToEndId>
                <TxId>19001117320260000000000000000000002</TxId>
            </PmtId>
            <PmtTpInf>
                <InstrPrty>NORM</InstrPrty>
                <ClrChanl>RTNS</ClrChanl>
                <SvcLvl>
                    <Prtry>PB2B</Prtry>
                </SvcLvl>
                <LclInstrm>
                    <Prtry>VIRM</Prtry>
                </LclInstrm>
                <CtgyPurp>
                    <Prtry>PAIEMENTS_FOURNISSEUR</Prtry>
                </CtgyPurp>
            </PmtTpInf>
            <IntrBkSttlmAmt Ccy="MAD">500.00</IntrBkSttlmAmt>
            <IntrBkSttlmDt>2026-06-22</IntrBkSttlmDt>
            <ChrgBr>SLEV</ChrgBr>
            <InstgAgt>
                <FinInstnId>
                    <BICFI>BCPOMAMCXXX</BICFI>
                    <ClrSysMmbId>
                        <ClrSysId>
                            <Prtry>GSIMT</Prtry>
                        </ClrSysId>
                        <MmbId>190</MmbId>
                    </ClrSysMmbId>
                </FinInstnId>
            </InstgAgt>
            <InstdAgt>
                <FinInstnId>
                    <BICFI>GSIMTMA1XXX</BICFI>
                    <ClrSysMmbId>
                        <ClrSysId>
                            <Prtry>GSIMT</Prtry>
                        </ClrSysId>
                        <MmbId>011</MmbId>
                    </ClrSysMmbId>
                </FinInstnId>
            </InstdAgt>
            <Dbtr>
                <Nm>STE VIVALIS SALAF</Nm>
                <CtryOfRes>MA</CtryOfRes>
            </Dbtr>
            <DbtrAcct>
                <Id>
                    <Othr>
                        <Id>190780131211995795045381</Id>
                    </Othr>
                </Id>
                <Tp>
                    <Prtry>RIB</Prtry>
                </Tp>
                <Ccy>MAD</Ccy>
            </DbtrAcct>
            <DbtrAgt>
                <FinInstnId>
                    <BICFI>BCPOMAMCXXX</BICFI>
                    <ClrSysMmbId>
                        <ClrSysId>
                            <Prtry>GSIMT</Prtry>
                        </ClrSysId>
                        <MmbId>190</MmbId>
                    </ClrSysMmbId>
                </FinInstnId>
            </DbtrAgt>
            <CdtrAgt>
                <FinInstnId>
                    <ClrSysMmbId>
                        <MmbId>011</MmbId>
                    </ClrSysMmbId>
                </FinInstnId>
            </CdtrAgt>
            <Cdtr>
                <Nm>BenefName5</Nm>
            </Cdtr>
            <CdtrAcct>
                <Id>
                    <Othr>
                        <Id>011780000016200000392772</Id>
                    </Othr>
                </Id>
                <Tp>
                    <Prtry>RIB</Prtry>
                </Tp>
                <Ccy>MAD</Ccy>
            </CdtrAcct>
            <RmtInf>
                <Ustrd>RmtInf05</Ustrd>
            </RmtInf>
        </CdtTrfTxInf>
        <CdtTrfTxInf>
            <PmtId>
                <InstrId>InstrId04</InstrId>
                <EndToEndId>EndtoEndId04</EndToEndId>
                <TxId>19001117320260000000000000000000003</TxId>
            </PmtId>
            <PmtTpInf>
                <InstrPrty>NORM</InstrPrty>
                <ClrChanl>RTNS</ClrChanl>
                <SvcLvl>
                    <Prtry>PB2B</Prtry>
                </SvcLvl>
                <LclInstrm>
                    <Prtry>VIRM</Prtry>
                </LclInstrm>
                <CtgyPurp>
                    <Prtry>PAIEMENTS_FOURNISSEUR</Prtry>
                </CtgyPurp>
            </PmtTpInf>
            <IntrBkSttlmAmt Ccy="MAD">400.00</IntrBkSttlmAmt>
            <IntrBkSttlmDt>2026-06-22</IntrBkSttlmDt>
            <ChrgBr>SLEV</ChrgBr>
            <InstgAgt>
                <FinInstnId>
                    <BICFI>BCPOMAMCXXX</BICFI>
                    <ClrSysMmbId>
                        <ClrSysId>
                            <Prtry>GSIMT</Prtry>
                        </ClrSysId>
                        <MmbId>190</MmbId>
                    </ClrSysMmbId>
                </FinInstnId>
            </InstgAgt>
            <InstdAgt>
                <FinInstnId>
                    <BICFI>GSIMTMA1XXX</BICFI>
                    <ClrSysMmbId>
                        <ClrSysId>
                            <Prtry>GSIMT</Prtry>
                        </ClrSysId>
                        <MmbId>011</MmbId>
                    </ClrSysMmbId>
                </FinInstnId>
            </InstdAgt>
            <Dbtr>
                <Nm>STE VIVALIS SALAF</Nm>
                <CtryOfRes>MA</CtryOfRes>
            </Dbtr>
            <DbtrAcct>
                <Id>
                    <Othr>
                        <Id>190780131211995795045381</Id>
                    </Othr>
                </Id>
                <Tp>
                    <Prtry>RIB</Prtry>
                </Tp>
                <Ccy>MAD</Ccy>
            </DbtrAcct>
            <DbtrAgt>
                <FinInstnId>
                    <BICFI>BCPOMAMCXXX</BICFI>
                    <ClrSysMmbId>
                        <ClrSysId>
                            <Prtry>GSIMT</Prtry>
                        </ClrSysId>
                        <MmbId>190</MmbId>
                    </ClrSysMmbId>
                </FinInstnId>
            </DbtrAgt>
            <CdtrAgt>
                <FinInstnId>
                    <ClrSysMmbId>
                        <MmbId>011</MmbId>
                    </ClrSysMmbId>
                </FinInstnId>
            </CdtrAgt>
            <Cdtr>
                <Nm>BenefName4</Nm>
            </Cdtr>
            <CdtrAcct>
                <Id>
                    <Othr>
                        <Id>011780000016200001303990</Id>
                    </Othr>
                </Id>
                <Tp>
                    <Prtry>RIB</Prtry>
                </Tp>
                <Ccy>MAD</Ccy>
            </CdtrAcct>
            <RmtInf>
                <Ustrd>RmtInf04</Ustrd>
            </RmtInf>
        </CdtTrfTxInf>
    </FIToFICstmrCdtTrf>
</Document>
