<?xml version="1.0" encoding="UTF-8"?><Document xmlns="urn:iso:std:iso:20022:tech:xsd:pacs.008.001.08">
    <FIToFICstmrCdtTrf>
        <GrpHdr>
            <MsgId>19000719120260000000000000000000002</MsgId>
            <CreDtTm>2026-07-10T16:14:24.408483800</CreDtTm>
            <NbOfTxs>2</NbOfTxs>
            <CtrlSum>300.30</CtrlSum>
            <IntrBkSttlmDt>2026-07-10</IntrBkSttlmDt>
            <SttlmInf>
                <SttlmMtd>CLRG</SttlmMtd>
                <ClrSys>
                    <Prtry>GSIMT</Prtry>
                </ClrSys>
            </SttlmInf>
            <InstgAgt>
                <FinInstnId>
                    <BICFI>BCPOMAMCXXX</BICFI>
                    <ClrSysMmbId>
                        <ClrSysId>
                            <Prtry>GSIMT</Prtry>
                        </ClrSysId>
                        <MmbId>190</MmbId>
                    </ClrSysMmbId>
                </FinInstnId>
            </InstgAgt>
            <InstdAgt>
                <FinInstnId>
                    <BICFI>GSIMTMA1XXX</BICFI>
                    <ClrSysMmbId>
                        <ClrSysId>
                            <Prtry>GSIMT</Prtry>
                        </ClrSysId>
                        <MmbId>007</MmbId>
                    </ClrSysMmbId>
                </FinInstnId>
            </InstdAgt>
        </GrpHdr>
        <CdtTrfTxInf>
            <PmtId>
                <InstrId>InstrId02</InstrId>
                <EndToEndId>EndToEndId02</EndToEndId>
                <TxId>19000719120260000000000000000000001</TxId>
            </PmtId>
            <PmtTpInf>
                <InstrPrty>NORM</InstrPrty>
                <ClrChanl>GSIMT – PVM</ClrChanl>
                <SvcLvl>
                    <Prtry>PB2B</Prtry>
                </SvcLvl>
                <LclInstrm>
                    <Prtry>VIRM</Prtry>
                </LclInstrm>
                <CtgyPurp>
                    <Prtry>PAIEMENTS_FOURNISSEUR</Prtry>
                </CtgyPurp>
            </PmtTpInf>
            <IntrBkSttlmAmt Ccy="MAD">200.20</IntrBkSttlmAmt>
            <IntrBkSttlmDt>2026-07-10</IntrBkSttlmDt>
            <ChrgBr>SLEV</ChrgBr>
            <InstgAgt>
                <FinInstnId>
                    <BICFI>BCPOMAMCXXX</BICFI>
                    <ClrSysMmbId>
                        <ClrSysId>
                            <Prtry>GSIMT</Prtry>
                        </ClrSysId>
                        <MmbId>190</MmbId>
                    </ClrSysMmbId>
                </FinInstnId>
            </InstgAgt>
            <InstdAgt>
                <FinInstnId>
                    <BICFI>BCMAMAMCXXX</BICFI>
                    <ClrSysMmbId>
                        <ClrSysId>
                            <Prtry>GSIMT</Prtry>
                        </ClrSysId>
                        <MmbId>007</MmbId>
                    </ClrSysMmbId>
                </FinInstnId>
            </InstdAgt>
            <Dbtr>
                <Nm>STE VIVALIS SALAF</Nm>
                <Id>
                    <PrvtId>
                        <Othr>
                            <Id>MA</Id>
                        </Othr>
                    </PrvtId>
                </Id>
                <CtryOfRes>MA</CtryOfRes>
            </Dbtr>
            <DbtrAcct>
                <Id>
                    <Othr>
                        <Id>190780131211995795045381</Id>
                    </Othr>
                </Id>
                <Ccy>MAD</Ccy>
            </DbtrAcct>
            <DbtrAgt>
                <FinInstnId>
                    <BICFI>BCPOMAMCXXX</BICFI>
                    <ClrSysMmbId>
                        <ClrSysId>
                            <Prtry>GSIMT</Prtry>
                        </ClrSysId>
                        <MmbId>190</MmbId>
                    </ClrSysMmbId>
                </FinInstnId>
            </DbtrAgt>
            <CdtrAgt>
                <FinInstnId>
                    <ClrSysMmbId>
                        <MmbId>007</MmbId>
                    </ClrSysMmbId>
                </FinInstnId>
            </CdtrAgt>
            <Cdtr>
                <Nm>BenefName2</Nm>
            </Cdtr>
            <CdtrAcct>
                <Id>
                    <Othr>
                        <Id>007780000129403009000620</Id>
                    </Othr>
                </Id>
                <Ccy>MAD</Ccy>
            </CdtrAcct>
            <RmtInf>
                <Ustrd>RmtInf02</Ustrd>
            </RmtInf>
        </CdtTrfTxInf>
        <CdtTrfTxInf>
            <PmtId>
                <InstrId>InstrId01</InstrId>
                <EndToEndId>EndToEndId01</EndToEndId>
                <TxId>19000719120260000000000000000000002</TxId>
            </PmtId>
            <PmtTpInf>
                <InstrPrty>NORM</InstrPrty>
                <ClrChanl>GSIMT – PVM</ClrChanl>
                <SvcLvl>
                    <Prtry>PB2B</Prtry>
                </SvcLvl>
                <LclInstrm>
                    <Prtry>VIRM</Prtry>
                </LclInstrm>
                <CtgyPurp>
                    <Prtry>PAIEMENTS_FOURNISSEUR</Prtry>
                </CtgyPurp>
            </PmtTpInf>
            <IntrBkSttlmAmt Ccy="MAD">100.10</IntrBkSttlmAmt>
            <IntrBkSttlmDt>2026-07-10</IntrBkSttlmDt>
            <ChrgBr>SLEV</ChrgBr>
            <InstgAgt>
                <FinInstnId>
                    <BICFI>BCPOMAMCXXX</BICFI>
                    <ClrSysMmbId>
                        <ClrSysId>
                            <Prtry>GSIMT</Prtry>
                        </ClrSysId>
                        <MmbId>190</MmbId>
                    </ClrSysMmbId>
                </FinInstnId>
            </InstgAgt>
            <InstdAgt>
                <FinInstnId>
                    <BICFI>BCMAMAMCXXX</BICFI>
                    <ClrSysMmbId>
                        <ClrSysId>
                            <Prtry>GSIMT</Prtry>
                        </ClrSysId>
                        <MmbId>007</MmbId>
                    </ClrSysMmbId>
                </FinInstnId>
            </InstdAgt>
            <Dbtr>
                <Nm>STE VIVALIS SALAF</Nm>
                <Id>
                    <PrvtId>
                        <Othr>
                            <Id>MA</Id>
                        </Othr>
                    </PrvtId>
                </Id>
                <CtryOfRes>MA</CtryOfRes>
            </Dbtr>
            <DbtrAcct>
                <Id>
                    <Othr>
                        <Id>190780131211995795045381</Id>
                    </Othr>
                </Id>
                <Ccy>MAD</Ccy>
            </DbtrAcct>
            <DbtrAgt>
                <FinInstnId>
                    <BICFI>BCPOMAMCXXX</BICFI>
                    <ClrSysMmbId>
                        <ClrSysId>
                            <Prtry>GSIMT</Prtry>
                        </ClrSysId>
                        <MmbId>190</MmbId>
                    </ClrSysMmbId>
                </FinInstnId>
            </DbtrAgt>
            <CdtrAgt>
                <FinInstnId>
                    <ClrSysMmbId>
                        <MmbId>007</MmbId>
                    </ClrSysMmbId>
                </FinInstnId>
            </CdtrAgt>
            <Cdtr>
                <Nm>BenefName01</Nm>
            </Cdtr>
            <CdtrAcct>
                <Id>
                    <Othr>
                        <Id>007780000115230031001564</Id>
                    </Othr>
                </Id>
                <Ccy>MAD</Ccy>
            </CdtrAcct>
            <RmtInf>
                <Ustrd>RmtInf01</Ustrd>
            </RmtInf>
        </CdtTrfTxInf>
    </FIToFICstmrCdtTrf>
</Document>
