<?xml version="1.0" encoding="UTF-8"?><Document xmlns="urn:iso:std:iso:20022:tech:xsd:pacs.008.001.08">
    <FIToFICstmrCdtTrf>
        <GrpHdr>
            <MsgId>19023017320260000000000000000000003</MsgId>
            <CreDtTm>2026-06-22T10:18:11.646037300</CreDtTm>
            <NbOfTxs>1</NbOfTxs>
            <CtrlSum>600.00</CtrlSum>
            <SttlmInf>
                <SttlmMtd>CLRG</SttlmMtd>
                <ClrSys>
                    <Prtry>GSIMT</Prtry>
                </ClrSys>
            </SttlmInf>
            <InstgAgt>
                <FinInstnId>
                    <BICFI>BCPOMAMCXXX</BICFI>
                    <ClrSysMmbId>
                        <ClrSysId>
                            <Prtry>GSIMT</Prtry>
                        </ClrSysId>
                        <MmbId>190</MmbId>
                    </ClrSysMmbId>
                </FinInstnId>
            </InstgAgt>
            <InstdAgt>
                <FinInstnId>
                    <BICFI>GSIMTMA1XXX</BICFI>
                    <ClrSysMmbId>
                        <ClrSysId>
                            <Prtry>GSIMT</Prtry>
                        </ClrSysId>
                        <MmbId>230</MmbId>
                    </ClrSysMmbId>
                </FinInstnId>
            </InstdAgt>
        </GrpHdr>
        <CdtTrfTxInf>
            <PmtId>
                <InstrId>InstrId06</InstrId>
                <EndToEndId>EndtoEndId06</EndToEndId>
                <TxId>19023017320260000000000000000000001</TxId>
            </PmtId>
            <PmtTpInf>
                <InstrPrty>NORM</InstrPrty>
                <ClrChanl>RTNS</ClrChanl>
                <SvcLvl>
                    <Prtry>PB2B</Prtry>
                </SvcLvl>
                <LclInstrm>
                    <Prtry>VIRM</Prtry>
                </LclInstrm>
                <CtgyPurp>
                    <Prtry>PAIEMENTS_FOURNISSEUR</Prtry>
                </CtgyPurp>
            </PmtTpInf>
            <IntrBkSttlmAmt Ccy="MAD">600.00</IntrBkSttlmAmt>
            <IntrBkSttlmDt>2026-06-22</IntrBkSttlmDt>
            <ChrgBr>SLEV</ChrgBr>
            <InstgAgt>
                <FinInstnId>
                    <BICFI>BCPOMAMCXXX</BICFI>
                    <ClrSysMmbId>
                        <ClrSysId>
                            <Prtry>GSIMT</Prtry>
                        </ClrSysId>
                        <MmbId>190</MmbId>
                    </ClrSysMmbId>
                </FinInstnId>
            </InstgAgt>
            <InstdAgt>
                <FinInstnId>
                    <BICFI>GSIMTMA1XXX</BICFI>
                    <ClrSysMmbId>
                        <ClrSysId>
                            <Prtry>GSIMT</Prtry>
                        </ClrSysId>
                        <MmbId>230</MmbId>
                    </ClrSysMmbId>
                </FinInstnId>
            </InstdAgt>
            <Dbtr>
                <Nm>STE VIVALIS SALAF</Nm>
                <CtryOfRes>MA</CtryOfRes>
            </Dbtr>
            <DbtrAcct>
                <Id>
                    <Othr>
                        <Id>190780131211995795045381</Id>
                    </Othr>
                </Id>
                <Tp>
                    <Prtry>RIB</Prtry>
                </Tp>
                <Ccy>MAD</Ccy>
            </DbtrAcct>
            <DbtrAgt>
                <FinInstnId>
                    <BICFI>BCPOMAMCXXX</BICFI>
                    <ClrSysMmbId>
                        <ClrSysId>
                            <Prtry>GSIMT</Prtry>
                        </ClrSysId>
                        <MmbId>190</MmbId>
                    </ClrSysMmbId>
                </FinInstnId>
            </DbtrAgt>
            <CdtrAgt>
                <FinInstnId>
                    <ClrSysMmbId>
                        <MmbId>230</MmbId>
                    </ClrSysMmbId>
                </FinInstnId>
            </CdtrAgt>
            <Cdtr>
                <Nm>BenefName6</Nm>
            </Cdtr>
            <CdtrAcct>
                <Id>
                    <Othr>
                        <Id>230780034663521100350017</Id>
                    </Othr>
                </Id>
                <Tp>
                    <Prtry>RIB</Prtry>
                </Tp>
                <Ccy>MAD</Ccy>
            </CdtrAcct>
            <RmtInf>
                <Ustrd>RmtInf06</Ustrd>
            </RmtInf>
        </CdtTrfTxInf>
    </FIToFICstmrCdtTrf>
</Document>
